% Encoding: UTF-8

@article{lam2019protecting,
  title={Protecting privacy and open competition with almond: an open-source virtual assistant},
  author={Lam, Monica S and Campagna, Giovanni and Xu, Silei and Fischer, Michael and Moradshahi, Mehrad},
  journal={XRDS: Crossroads, The ACM Magazine for Students},
  volume={26},
  number={1},
  pages={40--44},
  year={2019},
  publisher={ACM New York, NY, USA}
}

@article{assistance2003summary,
  title={Summary of the hipaa privacy rule},
  author={Assistance, HIPAA Compliance},
  journal={Office for Civil Rights},
  year={2003}
}

@article{allen2018convergence,
  title={A convergence theory for deep learning via over-parameterization},
  author={Allen-Zhu, Zeyuan and Li, Yuanzhi and Song, Zhao},
  journal={arXiv preprint arXiv:1811.03962},
  year={2018}
}

@article{zhang2016understanding,
  title={Understanding deep learning requires rethinking generalization},
  author={Zhang, Chiyuan and Bengio, Samy and Hardt, Moritz and Recht, Benjamin and Vinyals, Oriol},
  journal={arXiv preprint arXiv:1611.03530},
  year={2016}
}

@article{kairouz2019advances,
  title={Advances and open problems in federated learning},
  author={Kairouz, Peter and McMahan, H Brendan and Avent, Brendan and Bellet, Aur{\'e}lien and Bennis, Mehdi and Bhagoji, Arjun Nitin and Bonawitz, Keith and Charles, Zachary and Cormode, Graham and Cummings, Rachel and others},
  journal={arXiv preprint arXiv:1912.04977},
  year={2019}
}

@article{liang2019variance,
  title={Variance Reduced Local SGD with Lower Communication Complexity},
  author={Liang, Xianfeng and Shen, Shuheng and Liu, Jingchang and Pan, Zhen and Chen, Enhong and Cheng, Yifei},
  journal={arXiv preprint arXiv:1912.12844},
  year={2019}
}

@inproceedings{nesterov1983method,
  title={A method for solving the convex programming problem with convergence rate O (1/k\^{} 2)},
  author={Nesterov, Yurii E},
  booktitle={Dokl. akad. nauk Sssr},
  volume={269},
  pages={543--547},
  year={1983}
}

@inproceedings{yu2019parallel,
  title={Parallel restarted SGD with faster convergence and less communication: Demystifying why model averaging works for deep learning},
  author={Yu, Hao and Yang, Sen and Zhu, Shenghuo},
  booktitle={Proceedings of the AAAI Conference on Artificial Intelligence},
  volume={33},
  pages={5693--5700},
  year={2019}
}

@article{yu2019linear,
  title={On the linear speedup analysis of communication efficient momentum sgd for distributed non-convex optimization},
  author={Yu, Hao and Jin, Rong and Yang, Sen},
  journal={ICML},
  year={2019}
}

@article{koloskova2020unified,
  title={A Unified Theory of Decentralized SGD with Changing Topology and Local Updates},
  author={Koloskova, Anastasia and Loizou, Nicolas and Boreiri, Sadra and Jaggi, Martin and Stich, Sebastian U},
  journal={arXiv preprint arXiv:2003.10422},
  year={2020}
}

@misc{47586,
title = {Federated Learning for Mobile Keyboard Prediction},
author  = {Andrew Hard and Chlo√© M Kiddon and Daniel Ramage and Francoise Beaufays and Hubert Eichner and Kanishka Rao and Rajiv Mathews and Sean Augenstein},
year  = {2018},
URL = {https://arxiv.org/abs/1811.03604}
}


@article{lamautonomy,
  title={Autonomy and Privacy with Open Federated Virtual Assistants},
  author={Lam, Monica S}
}

@article{fallah2020personalized,
  title={Personalized federated learning: A meta-learning approach},
  author={Fallah, Alireza and Mokhtari, Aryan and Ozdaglar, Asuman},
  journal={arXiv preprint arXiv:2002.07948},
  year={2020}
}
@article{chen2018federated,
  title={Federated meta-learning for recommendation},
  author={Chen, Fei and Dong, Zhenhua and Li, Zhenguo and He, Xiuqiang},
  journal={arXiv preprint arXiv:1802.07876},
  year={2018}
}

@inproceedings{yu2019parallel,
  title={Parallel restarted SGD with faster convergence and less communication: Demystifying why model averaging works for deep learning},
  author={Yu, Hao and Yang, Sen and Zhu, Shenghuo},
  booktitle={Proceedings of the AAAI Conference on Artificial Intelligence},
  volume={33},
  pages={5693--5700},
  year={2019}
}

@article{liu2018accelerating,
  title={Accelerating SGD with momentum for over-parameterized learning},
  author={Liu, Chaoyue and Belkin, Mikhail},
  journal={ICLR},
  year={2020}
}

@article{kairouz2019advances,
  title={Advances and open problems in federated learning},
  author={Kairouz, Peter and McMahan, H Brendan and Avent, Brendan and Bellet, Aur{\'e}lien and Bennis, Mehdi and Bhagoji, Arjun Nitin and Bonawitz, Keith and Charles, Zachary and Cormode, Graham and Cummings, Rachel and others},
  journal={arXiv preprint arXiv:1912.04977},
  year={2019}
}

@article{stich2018local,
  title={Local SGD converges fast and communicates little},
  author={Stich, Sebastian U},
  journal={ICLR},
  year={2019}
}

@misc{platt1998fast,
  title={Fast training of support vector machines using sequential minimal optimization, In, B. Scholkopf, C. Burges, A. Smola,(eds.): Advances in Kernel Methods-Support Vector Learning},
  author={Platt, J},
  year={1998},
  publisher={MIT Press}
}


@article{lacoste2012simpler,
  title={A simpler approach to obtaining an O (1/t) convergence rate for the projected stochastic subgradient method},
  author={Lacoste-Julien, Simon and Schmidt, Mark and Bach, Francis},
  journal={arXiv preprint arXiv:1212.2002},
  year={2012}
}

@article{finn2019online,
  title={Online meta-learning},
  author={Finn, Chelsea and Rajeswaran, Aravind and Kakade, Sham and Levine, Sergey},
  journal={arXiv preprint arXiv:1902.08438},
  year={2019}
}

@article{lin2020collaborative,
  title={A Collaborative Learning Framework via Federated Meta-Learning},
  author={Lin, Sen and Yang, Guang and Zhang, Junshan},
  journal={arXiv preprint arXiv:2001.03229},
  year={2020}
}
@article{liu2019accelerating,
  title={Accelerating federated learning via momentum gradient descent},
  author={Liu, Wei and Chen, Li and Chen, Yunfei and Zhang, Wenyi},
  journal={IEEE Transactions on Parallel and Distributed Systems},
  year={2020}
}

@article{huo2020faster,
  title={Faster On-Device Training Using New Federated Momentum Algorithm},
  author={Huo, Zhouyuan and Yang, Qian and Gu, Bin and Huang, Lawrence Carin and others},
  journal={arXiv preprint arXiv:2002.02090},
  year={2020}
}

@article{felbab2019optimization,
  title={Optimization in Federated Learning},
  author={Felbab, Vukasin and Kiss, P{\'e}ter and Horv{\'a}th, Tom{\'a}{\v{s}}},
  year={2019}
}
@article{zhuo2019federated,
  title={Federated reinforcement learning},
  author={Zhuo, Hankz Hankui and Feng, Wenfeng and Xu, Qian and Yang, Qiang and Lin, Yufeng},
  journal={arXiv preprint arXiv:1901.08277},
  year={2019}
}

@article{jiang2019improving,
  title={Improving federated learning personalization via model agnostic meta learning},
  author={Jiang, Yihan and Kone{\v{c}}n{\`y}, Jakub and Rush, Keith and Kannan, Sreeram},
  journal={arXiv preprint arXiv:1909.12488},
  year={2019}
}

@article{liu2019lifelong,
  title={Lifelong federated reinforcement learning: a learning architecture for navigation in cloud robotic systems},
  author={Liu, Boyi and Wang, Lujia and Liu, Ming},
  journal={IEEE Robotics and Automation Letters},
  volume={4},
  number={4},
  pages={4555--4562},
  year={2019},
  publisher={IEEE}
}
@article{yan2020distributed,
  title={Distributed Non-Convex Optimization with Sublinear Speedup under Intermittent Client Availability},
  author={Yan, Yikai and Niu, Chaoyue and Ding, Yucheng and Zheng, Zhenzhe and Wu, Fan and Chen, Guihai and Tang, Shaojie and Wu, Zhihua},
  journal={arXiv preprint arXiv:2002.07399},
  year={2020}
}
@article{haddadpour2019convergence,
  title={On the Convergence of Local Descent Methods in Federated Learning},
  author={Haddadpour, Farzin and Mahdavi, Mehrdad},
  journal={arXiv preprint arXiv:1910.14425},
  year={2019}
}

@inproceedings{jiang2018linear,
  title={A linear speedup analysis of distributed deep learning with sparse and quantized communication},
  author={Jiang, Peng and Agrawal, Gagan},
  booktitle={Advances in Neural Information Processing Systems},
  pages={2525--2536},
  year={2018}
}

@article{wang2019adaptive,
  title={Adaptive federated learning in resource constrained edge computing systems},
  author={Wang, Shiqiang and Tuor, Tiffany and Salonidis, Theodoros and Leung, Kin K and Makaya, Christian and He, Ting and Chan, Kevin},
  journal={IEEE Journal on Selected Areas in Communications},
  volume={37},
  number={6},
  pages={1205--1221},
  year={2019},
  publisher={IEEE}
}

@article{cha2019federated,
  title={Federated reinforcement distillation with proxy experience memory},
  author={Cha, Han and Park, Jihong and Kim, Hyesung and Kim, Seong-Lyun and Bennis, Mehdi},
  journal={arXiv preprint arXiv:1907.06536},
  year={2019}
}

@inproceedings{nadiger2019federated,
  title={Federated reinforcement learning for fast personalization},
  author={Nadiger, Chetan and Kumar, Anil and Abdelhak, Sherine},
  booktitle={2019 IEEE Second International Conference on Artificial Intelligence and Knowledge Engineering (AIKE)},
  pages={123--127},
  year={2019},
  organization={IEEE}
}

@article{liang2019federated,
  title={Federated Transfer Reinforcement Learning for Autonomous Driving},
  author={Liang, Xinle and Liu, Yang and Chen, Tianjian and Liu, Ming and Yang, Qiang},
  journal={arXiv preprint arXiv:1910.06001},
  year={2019}
}

@inproceedings{yu2019parallel,
  title={Parallel restarted SGD with faster convergence and less communication: Demystifying why model averaging works for deep learning},
  author={Yu, Hao and Yang, Sen and Zhu, Shenghuo},
  booktitle={Proceedings of the AAAI Conference on Artificial Intelligence},
  volume={33},
  pages={5693--5700},
  year={2019}
}

@article{wang2018cooperative,
  title={Cooperative SGD: A unified framework for the design and analysis of communication-efficient SGD algorithms},
  author={Wang, Jianyu and Joshi, Gauri},
  journal={arXiv preprint arXiv:1808.07576},
  year={2018}
}

@article{khaled2019first,
  title={First analysis of local gd on heterogeneous data},
  author={Khaled, Ahmed and Mishchenko, Konstantin and Richt{\'a}rik, Peter},
  journal={NeurIPS Workshop on Federated Learning for Data Privacy and Confidentiality},
  year={2019}
}

@article{mcmahan2016communication,
  title={Communication-efficient learning of deep networks from decentralized data},
  author={McMahan, H Brendan and Moore, Eider and Ramage, Daniel and Hampson, Seth and others},
  journal={Proceedings of the 20 th International Conference on Artificial Intelligence and Statistics (AISTATS)},
  year={2017}
}

@inproceedings{smith2017federated,
  title={Federated multi-task learning},
  author={Smith, Virginia and Chiang, Chao-Kai and Sanjabi, Maziar and Talwalkar, Ameet S},
  booktitle={Advances in Neural Information Processing Systems},
  pages={4424--4434},
  year={2017}
}

@article{sattler2019robust,
  title={Robust and communication-efficient federated learning from non-iid data},
  author={Sattler, Felix and Wiedemann, Simon and M{\"u}ller, Klaus-Robert and Samek, Wojciech},
  journal={IEEE transactions on neural networks and learning systems},
  year={2019},
  publisher={IEEE}
}
@article{li2018federated,
  title={Federated optimization in heterogeneous networks},
  author={Li, Tian and Sahu, Anit Kumar and Zaheer, Manzil and Sanjabi, Maziar and Talwalkar, Ameet and Smith, Virginia},
  journal={MLSys},
  year={2020}
}

@article{li2019convergence,
  title={On the convergence of fedavg on non-iid data},
  author={Li, Xiang and Huang, Kaixuan and Yang, Wenhao and Wang, Shusen and Zhang, Zhihua},
  journal={ICLR},
  year={2020}
}

@inproceedings{lian2017can,
  title={Can decentralized algorithms outperform centralized algorithms? a case study for decentralized parallel stochastic gradient descent},
  author={Lian, Xiangru and Zhang, Ce and Zhang, Huan and Hsieh, Cho-Jui and Zhang, Wei and Liu, Ji},
  booktitle={Advances in Neural Information Processing Systems},
  pages={5330--5340},
  year={2017}
}


@article{zhang2018fully,
  title={Fully decentralized multi-agent reinforcement learning with networked agents},
  author={Zhang, Kaiqing and Yang, Zhuoran and Liu, Han and Zhang, Tong and Ba{\c{s}}ar, Tamer},
  journal={arXiv preprint arXiv:1802.08757},
  year={2018}
}


@article{yang2018energy,
  title={Energy-Constrained Compression for Deep Neural Networks via Weighted Sparse Projection and Layer Input Masking},
  author={Yang, Haichuan and Zhu, Yuhao and Liu, Ji},
  year={2018}
}


@article{yang2018ecc,
  title={ECC: Energy-Constrained Deep Neural Network Compression via a Bilinear Regression Model},
  author={Yang, Haichuan and Zhu, Yuhao and Liu, Ji},
  journal={arXiv preprint arXiv:1812.01803},
  year={2018}
}
@inproceedings{bai2019model,
  title={A Model-Based Reinforcement Learning with Adversarial Training for Online Recommendation},
  author={Bai, Xueying and Guan, Jian and Wang, Hongning},
  booktitle={Advances in Neural Information Processing Systems},
  pages={10734--10745},
  year={2019}
}

@article{fujimoto2018off,
  title={Off-policy deep reinforcement learning without exploration},
  author={Fujimoto, Scott and Meger, David and Precup, Doina},
  journal={arXiv preprint arXiv:1812.02900},
  year={2018}
}

@inproceedings{jiang2017contextual,
  title={Contextual decision processes with low Bellman rank are PAC-learnable},
  author={Jiang, Nan and Krishnamurthy, Akshay and Agarwal, Alekh and Langford, John and Schapire, Robert E},
  booktitle={Proceedings of the 34th International Conference on Machine Learning-Volume 70},
  pages={1704--1713},
  year={2017},
  organization={JMLR. org}
}

@inproceedings{jiang2017contextual,
  title={Contextual decision processes with low Bellman rank are PAC-learnable},
  author={Jiang, Nan and Krishnamurthy, Akshay and Agarwal, Alekh and Langford, John and Schapire, Robert E},
  booktitle={Proceedings of the 34th International Conference on Machine Learning-Volume 70},
  pages={1704--1713},
  year={2017},
  organization={JMLR. org}
}
@inproceedings{foerster2018counterfactual,
  title={Counterfactual multi-agent policy gradients},
  author={Foerster, Jakob N and Farquhar, Gregory and Afouras, Triantafyllos and Nardelli, Nantas and Whiteson, Shimon},
  booktitle={Thirty-Second AAAI Conference on Artificial Intelligence},
  year={2018}
}
@inproceedings{ma2019learning,
  title={Learning disentangled representations for recommendation},
  author={Ma, Jianxin and Zhou, Chang and Cui, Peng and Yang, Hongxia and Zhu, Wenwu},
  booktitle={Advances in Neural Information Processing Systems},
  pages={5712--5723},
  year={2019}
}


@inproceedings{kearns2000approximate,
  title={Approximate planning in large POMDPs via reusable trajectories},
  author={Kearns, Michael J and Mansour, Yishay and Ng, Andrew Y},
  booktitle={Advances in Neural Information Processing Systems},
  pages={1001--1007},
  year={2000}
}

@book{bishop2006pattern,
  title={Pattern recognition and machine learning},
  author={Bishop, Christopher M},
  year={2006},
  publisher={springer}
}

@inproceedings{krishnamurthy2016pac,
  title={PAC reinforcement learning with rich observations},
  author={Krishnamurthy, Akshay and Agarwal, Alekh and Langford, John},
  booktitle={Advances in Neural Information Processing Systems},
  pages={1840--1848},
  year={2016}
}
@inproceedings{dann2015sample,
  title={Sample complexity of episodic fixed-horizon reinforcement learning},
  author={Dann, Christoph and Brunskill, Emma},
  booktitle={Advances in Neural Information Processing Systems},
  pages={2818--2826},
  year={2015}
}

@inproceedings{azar2017minimax,
  title={Minimax regret bounds for reinforcement learning},
  author={Azar, Mohammad Gheshlaghi and Osband, Ian and Munos, R{\'e}mi},
  booktitle={Proceedings of the 34th International Conference on Machine Learning-Volume 70},
  pages={263--272},
  year={2017},
  organization={JMLR. org}
}

@article{hornik1989multilayer,
  title={Multilayer feedforward networks are universal approximators},
  author={Hornik, Kurt and Stinchcombe, Maxwell and White, Halbert},
  journal={Neural networks},
  volume={2},
  number={5},
  pages={359--366},
  year={1989},
  publisher={Elsevier}
}

@inproceedings{strehl2006pac,
  title={PAC model-free reinforcement learning},
  author={Strehl, Alexander L and Li, Lihong and Wiewiora, Eric and Langford, John and Littman, Michael L},
  booktitle={Proceedings of the 23rd international conference on Machine learning},
  pages={881--888},
  year={2006},
  organization={ACM}
}

@article{zanette2019tighter,
  title={Tighter Problem-Dependent Regret Bounds in Reinforcement Learning without Domain Knowledge using Value Function Bounds},
  author={Zanette, Andrea and Brunskill, Emma},
  journal={arXiv preprint arXiv:1901.00210},
  year={2019}
}

@book{bertsekas1996neuro,
  title={Neuro-dynamic programming},
  author={Bertsekas, Dimitri P and Tsitsiklis, John N},
  volume={5},
  year={1996},
  publisher={Athena Scientific Belmont, MA}
}

@inproceedings{syed2010reduction,
  title={A reduction from apprenticeship learning to classification},
  author={Syed, Umar and Schapire, Robert E},
  booktitle={Advances in Neural Information Processing Systems},
  pages={2253--2261},
  year={2010}
}

@article{ross2014reinforcement,
  title={Reinforcement and imitation learning via interactive no-regret learning},
  author={Ross, Stephane and Bagnell, J Andrew},
  journal={arXiv preprint arXiv:1406.5979},
  year={2014}
}


@inproceedings{ross2010efficient,
  title={Efficient reductions for imitation learning},
  author={Ross, St{\'e}phane and Bagnell, Drew},
  booktitle={Proceedings of the thirteenth international conference on artificial intelligence and statistics},
  pages={661--668},
  year={2010}
}

@article{touati2017convergent,
  title={Convergent tree-backup and retrace with function approximation},
  author={Touati, Ahmed and Bacon, Pierre-Luc and Precup, Doina and Vincent, Pascal},
  journal={arXiv preprint arXiv:1705.09322},
  year={2017}
}

@article{daume2009search,
  title={Search-based structured prediction},
  author={Daum{\'e}, Hal and Langford, John and Marcu, Daniel},
  journal={Machine learning},
  volume={75},
  number={3},
  pages={297--325},
  year={2009},
  publisher={Springer}
}

@inproceedings{munos2016safe,
  title={Safe and efficient off-policy reinforcement learning},
  author={Munos, R{\'e}mi and Stepleton, Tom and Harutyunyan, Anna and Bellemare, Marc},
  booktitle={Advances in Neural Information Processing Systems},
  pages={1054--1062},
  year={2016}
}

@inproceedings{levine2013variational,
  title={Variational policy search via trajectory optimization},
  author={Levine, Sergey and Koltun, Vladlen},
  booktitle={Advances in neural information processing systems},
  pages={207--215},
  year={2013}
}


@inproceedings{ross2011reduction,
  title={A reduction of imitation learning and structured prediction to no-regret online learning},
  author={Ross, St{\'e}phane and Gordon, Geoffrey and Bagnell, Drew},
  booktitle={Proceedings of the fourteenth international conference on artificial intelligence and statistics},
  pages={627--635},
  year={2011}
}

@inproceedings{kober2009policy,
  title={Policy search for motor primitives in robotics},
  author={Kober, Jens and Peters, Jan R},
  booktitle={Advances in neural information processing systems},
  pages={849--856},
  year={2009}
}

@inproceedings{ng1999policy,
  title={Policy invariance under reward transformations: Theory and application to reward shaping},
  author={Ng, Andrew Y and Harada, Daishi and Russell, Stuart},
  booktitle={ICML},
  volume={99},
  pages={278--287},
  year={1999}
}

@article{oh2018self,
  title={Self-imitation learning},
  author={Oh, Junhyuk and Guo, Yijie and Singh, Satinder and Lee, Honglak},
  journal={arXiv preprint arXiv:1806.05635},
  year={2018}
}


@inproceedings{sun2017deeply,
  title={Deeply aggrevated: Differentiable imitation learning for sequential prediction},
  author={Sun, Wen and Venkatraman, Arun and Gordon, Geoffrey J and Boots, Byron and Bagnell, J Andrew},
  booktitle={Proceedings of the 34th International Conference on Machine Learning-Volume 70},
  pages={3309--3318},
  year={2017},
  organization={JMLR. org}
}

@article{strehl2009reinforcement,
  title={Reinforcement learning in finite MDPs: PAC analysis},
  author={Strehl, Alexander L and Li, Lihong and Littman, Michael L},
  journal={Journal of Machine Learning Research},
  volume={10},
  number={Nov},
  pages={2413--2444},
  year={2009}
}
@inproceedings{jiang2018open,
  title={Open Problem: The Dependence of Sample Complexity Lower Bounds on Planning Horizon},
  author={Jiang, Nan and Agarwal, Alekh},
  booktitle={Conference On Learning Theory},
  pages={3395--3398},
  year={2018}
}

@article{kahn1996inclusion,
  title={Inclusion-exclusion: Exact and approximate},
  author={Kahn, Jeff and Linial, Nathan and Samorodnitsky, Alex},
  journal={Combinatorica},
  volume={16},
  number={4},
  pages={465--477},
  year={1996},
  publisher={Springer}
}

@inproceedings{wirth2016model,
  title={Model-free preference-based reinforcement learning},
  author={Wirth, Christian and F{\"u}rnkranz, Johannes and Neumann, Gerhard},
  booktitle={Thirtieth AAAI Conference on Artificial Intelligence},
  year={2016}
}

@article{furnkranz2012preference,
  title={Preference-based reinforcement learning: a formal framework and a policy iteration algorithm},
  author={F{\"u}rnkranz, Johannes and H{\"u}llermeier, Eyke and Cheng, Weiwei and Park, Sang-Hyeun},
  journal={Machine learning},
  volume={89},
  number={1-2},
  pages={123--156},
  year={2012},
  publisher={Springer}
}

@book{mohri2018foundations,
  title={Foundations of machine learning},
  author={Mohri, Mehryar and Rostamizadeh, Afshin and Talwalkar, Ameet},
  year={2018},
  publisher={MIT press}
}


@article{ng2000cs229,
  title={CS229 Lecture notes},
  author={Ng, Andrew},
  journal={CS229 Lecture notes},
  volume={1},
  number={1},
  pages={1--3},
  year={2000}
}

@article{zhang2017survey,
  title={A survey on multi-task learning},
  author={Zhang, Yu and Yang, Qiang},
  journal={arXiv preprint arXiv:1707.08114},
  year={2017}
}

@inproceedings{finn2017model,
  title={Model-Agnostic Meta-Learning for Fast Adaptation of Deep Networks},
  author={Finn, Chelsea and Abbeel, Pieter and Levine, Sergey},
  booktitle={International Conference on Machine Learning},
  pages={1126--1135},
  year={2017}
}

@inproceedings{abbeel2004apprenticeship,
  title={Apprenticeship learning via inverse reinforcement learning},
  author={Abbeel, Pieter and Ng, Andrew Y},
  booktitle={Proceedings of the twenty-first international conference on Machine learning},
  pages={1},
  year={2004},
  organization={ACM}
}

@article{kawaguchi2017generalization,
  title={Generalization in deep learning},
  author={Kawaguchi, Kenji and Kaelbling, Leslie Pack and Bengio, Yoshua},
  journal={arXiv preprint arXiv:1710.05468},
  year={2017}
}

@inproceedings{bertsekas1995neuro,
  title={Neuro-dynamic programming: an overview},
  author={Bertsekas, Dimitri P and Tsitsiklis, John N},
  booktitle={Proceedings of the 34th IEEE Conference on Decision and Control},
  volume={1},
  pages={560--564},
  year={1995},
  organization={IEEE Publ. Piscataway, NJ}
}

@inproceedings{johnson2013accelerating,
  title={Accelerating stochastic gradient descent using predictive variance reduction},
  author={Johnson, Rie and Zhang, Tong},
  booktitle={Advances in neural information processing systems},
  pages={315--323},
  year={2013}
}

@inproceedings{goodfellow2014generative,
  title={Generative adversarial nets},
  author={Goodfellow, Ian and Pouget-Abadie, Jean and Mirza, Mehdi and Xu, Bing and Warde-Farley, David and Ozair, Sherjil and Courville, Aaron and Bengio, Yoshua},
  booktitle={Advances in neural information processing systems},
  pages={2672--2680},
  year={2014}
}
@article{pan2011domain,
  title={Domain adaptation via transfer component analysis},
  author={Pan, Sinno Jialin and Tsang, Ivor W and Kwok, James T and Yang, Qiang},
  journal={IEEE Transactions on Neural Networks},
  volume={22},
  number={2},
  pages={199--210},
  year={2011},
  publisher={IEEE}
}

@inproceedings{henderson2018deep,
  title={Deep reinforcement learning that matters},
  author={Henderson, Peter and Islam, Riashat and Bachman, Philip and Pineau, Joelle and Precup, Doina and Meger, David},
  booktitle={Thirty-Second AAAI Conference on Artificial Intelligence},
  year={2018}
}

@article{auer2002using,
  title={Using confidence bounds for exploitation-exploration trade-offs},
  author={Auer, Peter},
  journal={Journal of Machine Learning Research},
  volume={3},
  number={Nov},
  pages={397--422},
  year={2002}
}

@article{dayan1997using,
  title={Using expectation-maximization for reinforcement learning},
  author={Dayan, Peter and Hinton, Geoffrey E},
  journal={Neural Computation},
  volume={9},
  number={2},
  pages={271--278},
  year={1997},
  publisher={MIT Press}
}

@article{abdolmaleki2018maximum,
  title={Maximum a posteriori policy optimisation},
  author={Abdolmaleki, Abbas and Springenberg, Jost Tobias and Tassa, Yuval and Munos, Remi and Heess, Nicolas and Riedmiller, Martin},
  journal={arXiv preprint arXiv:1806.06920},
  year={2018}
}

@inproceedings{cao2007learning,
  title={Learning to rank: from pairwise approach to listwise approach},
  author={Cao, Zhe and Qin, Tao and Liu, Tie-Yan and Tsai, Ming-Feng and Li, Hang},
  booktitle={ICML},
  pages={129--136},
  year={2007},
  organization={ACM}
}
@article{dabney2018implicit,
  title={Implicit Quantile Networks for Distributional Reinforcement Learning},
  author={Dabney, Will and Ostrovski, Georg and Silver, David and Munos, R{\'e}mi},
  journal={arXiv preprint arXiv:1806.06923},
  year={2018}
}

@inproceedings{jie2010connection,
  title={On a connection between importance sampling and the likelihood ratio policy gradient},
  author={Jie, Tang and Abbeel, Pieter},
  booktitle={Advances in Neural Information Processing Systems},
  pages={1000--1008},
  year={2010}
}


@inproceedings{haarnoja2018soft,
  title={Soft Actor-Critic: Off-Policy Maximum Entropy Deep Reinforcement Learning with a Stochastic Actor},
  author={Haarnoja, Tuomas and Zhou, Aurick and Abbeel, Pieter and Levine, Sergey},
  booktitle={International Conference on Machine Learning},
  pages={1856--1865},
  year={2018}
}

@inproceedings{peters2007reinforcement,
  title={Reinforcement learning by reward-weighted regression for operational space control},
  author={Peters, Jan and Schaal, Stefan},
  booktitle={Proceedings of the 24th international conference on Machine learning},
  pages={745--750},
  year={2007},
  organization={ACM}
}

@article{lin2018efficient,
  title={Efficient Large-Scale Fleet Management via Multi-Agent Deep Reinforcement Learning},
  author={Lin, Kaixiang and Zhao, Renyu and Xu, Zhe and Zhou, Jiayu},
  journal={Proceedings of the 24th ACM SIGKDD International Conference on Knowledge},
  year={2018}
}

@article{bellemare2017distributional,
  title={A distributional perspective on reinforcement learning},
  author={Bellemare, Marc G and Dabney, Will and Munos, R{\'e}mi},
  journal={arXiv preprint arXiv:1707.06887},
  year={2017}
}

@article{schulman2017proximal,
  title={Proximal policy optimization algorithms},
  author={Schulman, John and Wolski, Filip and Dhariwal, Prafulla and Radford, Alec and Klimov, Oleg},
  journal={arXiv preprint arXiv:1707.06347},
  year={2017}
}
@article{gruslys2018reactor,
  title={The Reactor: A fast and sample-efficient Actor-Critic agent for Reinforcement Learning},
  author={Gruslys, Audrunas and Dabney, Will and Azar, Mohammad Gheshlaghi and Piot, Bilal and Bellemare, Marc and Munos, Remi},
  year={2018}
}

@article{wang2016sample,
  title={Sample efficient actor-critic with experience replay},
  author={Wang, Ziyu and Bapst, Victor and Heess, Nicolas and Mnih, Volodymyr and Munos, Remi and Kavukcuoglu, Koray and de Freitas, Nando},
  journal={arXiv preprint arXiv:1611.01224},
  year={2016}
}

@article{gu2016q,
  title={Q-prop: Sample-efficient policy gradient with an off-policy critic},
  author={Gu, Shixiang and Lillicrap, Timothy and Ghahramani, Zoubin and Turner, Richard E and Levine, Sergey},
  journal={arXiv preprint arXiv:1611.02247},
  year={2016}
}

@book{sutton2018reinforcement,
  title={Reinforcement learning: An introduction},
  author={Sutton, Richard S and Barto, Andrew G},
  year={2018},
  publisher={MIT press}
}

@article{wang2015dueling,
  title={Dueling network architectures for deep reinforcement learning},
  author={Wang, Ziyu and Schaul, Tom and Hessel, Matteo and Van Hasselt, Hado and Lanctot, Marc and De Freitas, Nando},
  journal={arXiv preprint arXiv:1511.06581},
  year={2015}
}

@book{tao2011introduction,
  title={An introduction to measure theory},
  author={Tao, Terence},
  year={2011},
  publisher={American Mathematical Society Providence, RI}
}

@article{williams1992simple,
  title={Simple statistical gradient-following algorithms for connectionist reinforcement learning},
  author={Williams, Ronald J},
  journal={Machine learning},
  volume={8},
  number={3-4},
  pages={229--256},
  year={1992},
  publisher={Springer}
}

@article{peters2008reinforcement,
  title={Reinforcement learning of motor skills with policy gradients},
  author={Peters, Jan and Schaal, Stefan},
  journal={Neural networks},
  volume={21},
  number={4},
  pages={682--697},
  year={2008},
  publisher={Elsevier}
}

@book{puterman2014markov,
  title={Markov decision processes: discrete stochastic dynamic programming},
  author={Puterman, Martin L},
  year={2014},
  publisher={John Wiley \& Sons}
}

@article{bellemare2013arcade,
  title={The arcade learning environment: An evaluation platform for general agents},
  author={Bellemare, Marc G and Naddaf, Yavar and Veness, Joel and Bowling, Michael},
  journal={Journal of Artificial Intelligence Research},
  volume={47},
  pages={253--279},
  year={2013}
}

@article{watkins1992q,
  title={Q-learning},
  author={Watkins, Christopher JCH and Dayan, Peter},
  journal={Machine learning},
  volume={8},
  number={3-4},
  pages={279--292},
  year={1992},
  publisher={Springer}
}

@article{hessel2017rainbow,
  title={Rainbow: Combining improvements in deep reinforcement learning},
  author={Hessel, Matteo and Modayil, Joseph and Van Hasselt, Hado and Schaul, Tom and Ostrovski, Georg and Dabney, Will and Horgan, Dan and Piot, Bilal and Azar, Mohammad and Silver, David},
  journal={arXiv preprint arXiv:1710.02298},
  year={2017}
}

@article{ilyas2018deep,
  title={Are Deep Policy Gradient Algorithms Truly Policy Gradient Algorithms?},
  author={Ilyas, Andrew and Engstrom, Logan and Santurkar, Shibani and Tsipras, Dimitris and Janoos, Firdaus and Rudolph, Larry and Madry, Aleksander},
  journal={arXiv preprint arXiv:1811.02553},
  year={2018}
}

@article{silver2016mastering,
  title={Mastering the game of Go with deep neural networks and tree search},
  author={Silver, David and Huang, Aja and Maddison, Chris J and Guez, Arthur and Sifre, Laurent and Van Den Driessche, George and Schrittwieser, Julian and Antonoglou, Ioannis and Panneershelvam, Veda and Lanctot, Marc and others},
  journal={nature},
  volume={529},
  number={7587},
  pages={484},
  year={2016},
  publisher={Nature Publishing Group}
}

@article{silver2017mastering,
  title={Mastering the game of Go without human knowledge},
  author={Silver, David and Schrittwieser, Julian and Simonyan, Karen and Antonoglou, Ioannis and Huang, Aja and Guez, Arthur and Hubert, Thomas and Baker, Lucas and Lai, Matthew and Bolton, Adrian and others},
  journal={Nature},
  volume={550},
  number={7676},
  pages={354},
  year={2017},
  publisher={Nature Publishing Group}
}
@inproceedings{nachum2017bridging,
  title={Bridging the gap between value and policy based reinforcement learning},
  author={Nachum, Ofir and Norouzi, Mohammad and Xu, Kelvin and Schuurmans, Dale},
  booktitle={Advances in Neural Information Processing Systems},
  pages={2775--2785},
  year={2017}
}

@article{osa2018algorithmic,
  title={An algorithmic perspective on imitation learning},
  author={Osa, Takayuki and Pajarinen, Joni and Neumann, Gerhard and Bagnell, J Andrew and Abbeel, Pieter and Peters, Jan and others},
  journal={Foundations and Trends{\textregistered} in Robotics},
  volume={7},
  number={1-2},
  pages={1--179},
  year={2018},
  publisher={Now Publishers, Inc.}
}

@inproceedings{hester2018deep,
  title={Deep q-learning from demonstrations},
  author={Hester, Todd and Vecerik, Matej and Pietquin, Olivier and Lanctot, Marc and Schaul, Tom and Piot, Bilal and Horgan, Dan and Quan, John and Sendonaris, Andrew and Osband, Ian and others},
  booktitle={Thirty-Second AAAI Conference on Artificial Intelligence},
  year={2018}
}

@article{li2017end,
  title={End-to-end task-completion neural dialogue systems},
  author={Li, Xiujun and Chen, Yun-Nung and Li, Lihong and Gao, Jianfeng and Celikyilmaz, Asli},
  journal={arXiv preprint arXiv:1703.01008},
  year={2017}
}

@incollection{melville2011recommender,
  title={Recommender systems},
  author={Melville, Prem and Sindhwani, Vikas},
  booktitle={Encyclopedia of machine learning},
  pages={829--838},
  year={2011},
  publisher={Springer}
}


@article{riemer2018learning,
  title={Learning to Learn without Forgetting By Maximizing Transfer and Minimizing Interference},
  author={Riemer, Matthew and Cases, Ignacio and Ajemian, Robert and Liu, Miao and Rish, Irina and Tu, Yuhai and Tesauro, Gerald},
  journal={arXiv preprint arXiv:1810.11910},
  year={2018}
}

@article{rusu2015policy,
  title={Policy distillation},
  author={Rusu, Andrei A and Colmenarejo, Sergio Gomez and Gulcehre, Caglar and Desjardins, Guillaume and Kirkpatrick, James and Pascanu, Razvan and Mnih, Volodymyr and Kavukcuoglu, Koray and Hadsell, Raia},
  journal={arXiv preprint arXiv:1511.06295},
  year={2015}
}
@article{albrecht2018autonomous,
  title={Autonomous agents modelling other agents: A comprehensive survey and open problems},
  author={Albrecht, Stefano V and Stone, Peter},
  journal={Artificial Intelligence},
  volume={258},
  pages={66--95},
  year={2018},
  publisher={Elsevier}
}

@article{karimireddy2019scaffold,
  title={Scaffold: Stochastic controlled averaging for on-device federated learning},
  author={Karimireddy, Sai Praneeth and Kale, Satyen and Mohri, Mehryar and Reddi, Sashank J and Stich, Sebastian U and Suresh, Ananda Theertha},
  journal={arXiv preprint arXiv:1910.06378},
  year={2019}
}
@article{deeplearninghealthcare,
  title={A guide to deep learning in healthcare},
  author={Andre Esteva, Alexandre Robicquet, Bharath Ramsundar, Volodymyr Kuleshov, Mark DePristo, Katherine Chou, Claire Cui, Greg Corrado, Sebastian Thrun and Jeff Dean},
  journal={Nature medicine},
  year={2019},
  publisher={Nature Publishing Group}
}

@article{mnih2015human,
  title={Human-level control through deep reinforcement learning},
  author={Mnih, Volodymyr and Kavukcuoglu, Koray and Silver, David and Rusu, Andrei A and Veness, Joel and Bellemare, Marc G and Graves, Alex and Riedmiller, Martin and Fidjeland, Andreas K and Ostrovski, Georg and others},
  journal={Nature},
  volume={518},
  number={7540},
  pages={529},
  year={2015},
  publisher={Nature Publishing Group}
}

@article{bellemare2013arcade,
  title={The arcade learning environment: An evaluation platform for general agents},
  author={Bellemare, Marc G and Naddaf, Yavar and Veness, Joel and Bowling, Michael},
  journal={Journal of Artificial Intelligence Research},
  volume={47},
  pages={253--279},
  year={2013}
}


@article{dopamine,
  author    = {Pablo Samuel Castro and
               Subhodeep Moitra and
               Carles Gelada and
               Saurabh Kumar and
               Marc G. Bellemare},
  title     = {Dopamine: {A} Research Framework for Deep Reinforcement Learning},
  journal   = {CoRR},
  volume    = {abs/1812.06110},
  year      = {2018},
  url       = {http://arxiv.org/abs/1812.06110},
  archivePrefix = {arXiv},
  eprint    = {1812.06110},
  timestamp = {Tue, 01 Jan 2019 15:01:25 +0100},
  biburl    = {https://dblp.org/rec/bib/journals/corr/abs-1812-06110},
  bibsource = {dblp computer science bibliography, https://dblp.org}
}
@inproceedings{van2016deep,
  title={Deep Reinforcement Learning with Double Q-Learning.},
  author={Van Hasselt, Hado and Guez, Arthur and Silver, David},
  booktitle={AAAI},
  volume={2},
  pages={5},
  year={2016},
  organization={Phoenix, AZ}
}
@inproceedings{lu2018non,
  title={Non-delusional Q-learning and value-iteration},
  author={Lu, Tyler and Schuurmans, Dale and Boutilier, Craig},
  booktitle={Advances in Neural Information Processing Systems},
  pages={9971--9981},
  year={2018}
}

@inproceedings{mnih2016asynchronous,
  title={Asynchronous methods for deep reinforcement learning},
  author={Mnih, Volodymyr and Badia, Adria Puigdomenech and Mirza, Mehdi and Graves, Alex and Lillicrap, Timothy and Harley, Tim and Silver, David and Kavukcuoglu, Koray},
  booktitle={International conference on machine learning},
  pages={1928--1937},
  year={2016}
}

@inproceedings{schulman2015trust,
  title={Trust region policy optimization},
  author={Schulman, John and Levine, Sergey and Abbeel, Pieter and Jordan, Michael and Moritz, Philipp},
  booktitle={International Conference on Machine Learning},
  pages={1889--1897},
  year={2015}
}

@article{ilyas2018deep,
  title={Are Deep Policy Gradient Algorithms Truly Policy Gradient Algorithms?},
  author={Ilyas, Andrew and Engstrom, Logan and Santurkar, Shibani and Tsipras, Dimitris and Janoos, Firdaus and Rudolph, Larry and Madry, Aleksander},
  journal={arXiv preprint arXiv:1811.02553},
  year={2018}
}

@article{degris2012off,
  title={Off-policy actor-critic},
  author={Degris, Thomas and White, Martha and Sutton, Richard S},
  journal={arXiv preprint arXiv:1205.4839},
  year={2012}
}

@inproceedings{sutton2000policy,
  title={Policy gradient methods for reinforcement learning with function approximation},
  author={Sutton, Richard S and McAllester, David A and Singh, Satinder P and Mansour, Yishay},
  booktitle={Advances in neural information processing systems},
  pages={1057--1063},
  year={2000}
}

@article{kandasamy2017batch,
  title={Batch policy gradient methods for improving neural conversation models},
  author={Kandasamy, Kirthevasan and Bachrach, Yoram and Tomioka, Ryota and Tarlow, Daniel and Carter, David},
  journal={arXiv preprint arXiv:1702.03334},
  year={2017}
}


@inproceedings{pathak2017curiosity,
  title={Curiosity-driven exploration by self-supervised prediction},
  author={Pathak, Deepak and Agrawal, Pulkit and Efros, Alexei A and Darrell, Trevor},
  booktitle={International Conference on Machine Learning (ICML)},
  volume={2017},
  year={2017}
}

@article{fortunato2017noisy,
  title={Noisy networks for exploration},
  author={Fortunato, Meire and Azar, Mohammad Gheshlaghi and Piot, Bilal and Menick, Jacob and Osband, Ian and Graves, Alex and Mnih, Vlad and Munos, Remi and Hassabis, Demis and Pietquin, Olivier and others},
  journal={arXiv preprint arXiv:1706.10295},
  year={2017}
}

@article{plappert2017parameter,
  title={Parameter space noise for exploration},
  author={Plappert, Matthias and Houthooft, Rein and Dhariwal, Prafulla and Sidor, Szymon and Chen, Richard Y and Chen, Xi and Asfour, Tamim and Abbeel, Pieter and Andrychowicz, Marcin},
  journal={arXiv preprint arXiv:1706.01905},
  year={2017}
}

@inproceedings{yu2018towards,
  title={Towards Sample Efficient Reinforcement Learning.},
  author={Yu, Yang},
  booktitle={IJCAI},
  pages={5739--5743},
  year={2018}
}

@article{hu2018reinforcement,
  title={Reinforcement Learning to Rank in E-Commerce Search Engine: Formalization, Analysis, and Application},
  author={Hu, Yujing and Da, Qing and Zeng, Anxiang and Yu, Yang and Xu, Yinghui},
  journal={arXiv preprint arXiv:1803.00710},
  year={2018}
}

@inproceedings{burges2005learning,
  title={Learning to rank using gradient descent},
  author={Burges, Chris and Shaked, Tal and Renshaw, Erin and Lazier, Ari and Deeds, Matt and Hamilton, Nicole and Hullender, Greg},
  booktitle={Proceedings of the 22nd international conference on Machine learning},
  pages={89--96},
  year={2005},
  organization={ACM}
}

@article{resnick2018pommerman,
  title={Pommerman: A Multi-Agent Playground},
  author={Resnick, Cinjon and Eldridge, Wes and Ha, David and Britz, Denny and Foerster, Jakob and Togelius, Julian and Cho, Kyunghyun and Bruna, Joan},
  journal={arXiv preprint arXiv:1809.07124},
  year={2018}
}

@article{zhang2017deeper,
  title={A Deeper Look at Experience Replay},
  author={Zhang, Shangtong and Sutton, Richard S},
  journal={arXiv preprint arXiv:1712.01275},
  year={2017}
}
@article{foerster2017stabilising,
  title={Stabilising experience replay for deep multi-agent reinforcement learning},
  author={Foerster, Jakob and Nardelli, Nantas and Farquhar, Gregory and Afouras, Triantafyllos and Torr, Philip HS and Kohli, Pushmeet and Whiteson, Shimon},
  journal={arXiv preprint arXiv:1702.08887},
  year={2017}
}

@article{schaul2015prioritized,
  title={Prioritized experience replay},
  author={Schaul, Tom and Quan, John and Antonoglou, Ioannis and Silver, David},
  journal={arXiv preprint arXiv:1511.05952},
  year={2015}
}

@article{wei2018multiagent,
  title={Multiagent Soft Q-Learning},
  author={Wei, Ermo and Wicke, Drew and Freelan, David and Luke, Sean},
  journal={AAAI},
  year={2018}
}
@article{haarnoja2017reinforcement,
  title={Reinforcement learning with deep energy-based policies},
  author={Haarnoja, Tuomas and Tang, Haoran and Abbeel, Pieter and Levine, Sergey},
  journal={arXiv preprint arXiv:1702.08165},
  year={2017}
}

@article{jaderberg2018human,
  title={Human-level performance in first-person multiplayer games with population-based deep reinforcement learning},
  author={Jaderberg, Max and Czarnecki, Wojciech M and Dunning, Iain and Marris, Luke and Lever, Guy and Castaneda, Antonio Garcia and Beattie, Charles and Rabinowitz, Neil C and Morcos, Ari S and Ruderman, Avraham and others},
  journal={arXiv preprint arXiv:1807.01281},
  year={2018}
}

@article{raileanu2018modeling,
  title={Modeling Others using Oneself in Multi-Agent Reinforcement Learning},
  author={Raileanu, Roberta and Denton, Emily and Szlam, Arthur and Fergus, Rob},
  journal={ICML},
  year={2018}
}

@inproceedings{heinrich2015fictitious,
  title={Fictitious self-play in extensive-form games},
  author={Heinrich, Johannes and Lanctot, Marc and Silver, David},
  booktitle={International Conference on Machine Learning},
  pages={805--813},
  year={2015}
}


@article{panait2005cooperative,
  title={Cooperative multi-agent learning: The state of the art},
  author={Panait, Liviu and Luke, Sean},
  journal={Autonomous agents and multi-agent systems},
  volume={11},
  number={3},
  pages={387--434},
  year={2005},
  publisher={Kluwer Academic Publishers}
}

@article{heinrich2016deep,
  title={Deep reinforcement learning from self-play in imperfect-information games},
  author={Heinrich, Johannes and Silver, David},
  journal={arXiv preprint arXiv:1603.01121},
  year={2016}
}


@article{rashid2018qmix,
  title={QMIX: Monotonic Value Function Factorisation for Deep Multi-Agent Reinforcement Learning},
  author={Rashid, Tabish and Samvelyan, Mikayel and de Witt, Christian Schroeder and Farquhar, Gregory and Foerster, Jakob and Whiteson, Shimon},
  journal={arXiv preprint arXiv:1803.11485},
  year={2018}
}

@article{sunehag2017value,
  title={Value-decomposition networks for cooperative multi-agent learning},
  author={Sunehag, Peter and Lever, Guy and Gruslys, Audrunas and Czarnecki, Wojciech Marian and Zambaldi, Vinicius and Jaderberg, Max and Lanctot, Marc and Sonnerat, Nicolas and Leibo, Joel Z and Tuyls, Karl and others},
  journal={arXiv preprint arXiv:1706.05296},
  year={2017}
}

@inproceedings{perolat2017multi,
  title={A multi-agent reinforcement learning model of common-pool resource appropriation},
  author={Perolat, Julien and Leibo, Joel Z and Zambaldi, Vinicius and Beattie, Charles and Tuyls, Karl and Graepel, Thore},
  booktitle={Advances in Neural Information Processing Systems},
  pages={3646--3655},
  year={2017}
}


@book{filar2012competitive,
  title={Competitive Markov decision processes},
  author={Filar, Jerzy and Vrieze, Koos},
  year={2012},
  publisher={Springer Science \& Business Media}
}

@inproceedings{boutilier1999sequential,
  title={Sequential optimality and coordination in multiagent systems},
  author={Boutilier, Craig},
  booktitle={IJCAI},
  volume={99},
  pages={478--485},
  year={1999}
}

@article{koller2003multi,
  title={Multi-agent influence diagrams for representing and solving games},
  author={Koller, Daphne and Milch, Brian},
  journal={Games and economic behavior},
  volume={45},
  number={1},
  pages={181--221},
  year={2003},
  publisher={Elsevier}
}



@article{MAL2017,
  title={Multiagent learning foundations and recent trends},
  author={Stefano V. Albrecht, Peter Stone},
  journal={IJCAI},
  year={2017},
}



@article{nash1951non,
  title={Non-cooperative games},
  author={Nash, John},
  journal={Annals of mathematics},
  pages={286--295},
  year={1951},
  publisher={JSTOR}
}


@article{albrecht2017autonomous,
  title={Autonomous Agents Modelling Other Agents: A Comprehensive Survey and Open Problems},
  author={Albrecht, Stefano V and Stone, Peter},
  journal={arXiv preprint arXiv:1709.08071},
  year={2017}
}

@article{gmytrasiewicz2005framework,
  title={A framework for sequential planning in multi-agent settings.},
  author={Gmytrasiewicz, Piotr J and Doshi, Prashant},
  journal={J. Artif. Intell. Res.(JAIR)},
  volume={24},
  pages={49--79},
  year={2005}
}

@article{busoniu2008comprehensive,
  title={A comprehensive survey of multiagent reinforcement learning},
  author={Busoniu, Lucian and Babuska, Robert and De Schutter, Bart},
  journal={IEEE Trans. Systems, Man, and Cybernetics, Part C},
  volume={38},
  number={2},
  pages={156--172},
  year={2008}
}
@inproceedings{masson2016reinforcement,
  title={Reinforcement learning with parameterized actions},
  author={Masson, Warwick and Ranchod, Pravesh and Konidaris, George},
  booktitle={AAAI},
  pages={1934--1940},
  year={2016}
}

@article{abel2017near,
  title={Near optimal behavior via approximate state abstraction},
  author={Abel, David and Hershkowitz, D Ellis and Littman, Michael L},
  journal={arXiv preprint arXiv:1701.04113},
  year={2017}
}

@article{kearns2007graphical,
  title={Graphical games},
  author={Kearns, Michael}
}

@article{watkins1992q,
  title={Q-learning},
  author={Watkins, Christopher JCH and Dayan, Peter},
  journal={Machine learning},
  volume={8},
  number={3-4},
  pages={279--292},
  year={1992},
  publisher={Springer}
}
@article{fink1964equilibrium,
  title={Equilibrium in a stochastic $ n $-person game},
  author={Fink, Arlington M and others},
  journal={Journal of science of the hiroshima university, series ai (mathematics)},
  volume={28},
  number={1},
  pages={89--93},
  year={1964},
  publisher={Hiroshima University, Department of Mathematics}
}

@article{shingenerative,
  title={Generative Knowledge Transfer for Neural Language Models},
  author={Shin, Sungho and Hwang, Kyuyeon and Sung, Wonyong}
}

@inproceedings{langford2003reducing,
  title={Reducing T-step reinforcement learning to classification},
  author={Langford, John and Zadrozny, Bianca},
  booktitle={Proc. of the Machine Learning Reductions Workshop},
  year={2003}
}

@article{rajendran20152t,
  title={$ A\^{} 2T $: Attend, Adapt and Transfer: Attentive Deep Architecture for Adaptive Transfer from multiple sources},
  author={Rajendran, Janarthanan and Lakshminarayanan, Aravind and Khapra, Mitesh M and Ravindran, Balaraman and others},
  journal={arXiv preprint arXiv:1510.02879},
  year={2015}
}

@article{lake2015human,
  title={Human-level concept learning through probabilistic program induction},
  author={Lake, Brenden M and Salakhutdinov, Ruslan and Tenenbaum, Joshua B},
  journal={Science},
  volume={350},
  number={6266},
  pages={1332--1338},
  year={2015},
  publisher={American Association for the Advancement of Science}
}
@article{santoro2016one,
  title={One-shot learning with memory-augmented neural networks},
  author={Santoro, Adam and Bartunov, Sergey and Botvinick, Matthew and Wierstra, Daan and Lillicrap, Timothy},
  journal={arXiv preprint arXiv:1605.06065},
  year={2016}
}
@inproceedings{vinyals2016matching,
  title={Matching networks for one shot learning},
  author={Vinyals, Oriol and Blundell, Charles and Lillicrap, Tim and Wierstra, Daan and others},
  booktitle={Advances in Neural Information Processing Systems},
  pages={3630--3638},
  year={2016}
}


@article{hu2003nash,
  title={Nash Q-learning for general-sum stochastic games},
  author={Hu, Junling and Wellman, Michael P},
  journal={Journal of machine learning research},
  volume={4},
  number={Nov},
  pages={1039--1069},
  year={2003}
}


@inproceedings{fu2016one,
  title={One-shot learning of manipulation skills with online dynamics adaptation and neural network priors},
  author={Fu, Justin and Levine, Sergey and Abbeel, Pieter},
  booktitle={Intelligent Robots and Systems (IROS), 2016 IEEE/RSJ International Conference on},
  pages={4019--4026},
  year={2016},
  organization={IEEE}
}

@inproceedings{bertinetto2016learning,
  title={Learning feed-forward one-shot learners},
  author={Bertinetto, Luca and Henriques, Jo{\~a}o F and Valmadre, Jack and Torr, Philip and Vedaldi, Andrea},
  booktitle={Advances in Neural Information Processing Systems},
  pages={523--531},
  year={2016}
}


@book{goodfellow2016deep,
  title={Deep learning},
  author={Goodfellow, Ian and Bengio, Yoshua and Courville, Aaron},
  year={2016},
  publisher={MIT Press}
}

@article{fei2006one,
  title={One-shot learning of object categories},
  author={Fei-Fei, Li and Fergus, Rob and Perona, Pietro},
  journal={IEEE transactions on pattern analysis and machine intelligence},
  volume={28},
  number={4},
  pages={594--611},
  year={2006},
  publisher={IEEE}
}

@phdthesis{kakade2003sample,
  title={On the sample complexity of reinforcement learning},
  author={Kakade, Sham Machandranath and others},
  year={2003},
  school={University of London London, England}
}
@Article{ma2017power,
  author  = {Ma, Siyuan and Bassily, Raef and Belkin, Mikhail},
  journal = {ICML},
  title   = {The power of interpolation: Understanding the effectiveness of SGD in modern over-parametrized learning},
  year    = {2018},
}

@InProceedings{jain2017accelerating,
  author    = {Jain, Prateek and Kakade, Sham M and Kidambi, Rahul and Netrapalli, Praneeth and Sidford, Aaron},
  booktitle = {Proc. STAT},
  title     = {Accelerating stochastic gradient descent},
  year      = {2017},
  pages     = {26},
  volume    = {1050},
}

@Article{canziani2016analysis,
  author  = {Canziani, Alfredo and Paszke, Adam and Culurciello, Eugenio},
  journal = {arXiv preprint arXiv:1605.07678},
  title   = {An analysis of deep neural network models for practical applications},
  year    = {2016},
}

@InProceedings{kidambi2018insufficiency,
  author       = {Kidambi, Rahul and Netrapalli, Praneeth and Jain, Prateek and Kakade, Sham},
  booktitle    = {2018 Information Theory and Applications Workshop (ITA)},
  title        = {On the insufficiency of existing momentum schemes for stochastic optimization},
  year         = {2018},
  organization = {IEEE},
  pages        = {1--9},
}

@Article{liu2018toward,
  author  = {Liu, Tianyi and Chen, Zhehui and Zhou, Enlu and Zhao, Tuo},
  journal = {arXiv preprint arXiv:1802.05155},
  title   = {Toward deeper understanding of nonconvex stochastic optimization with momentum using diffusion approximations},
  year    = {2018},
}

@Article{yuan2016influence,
  author    = {Yuan, Kun and Ying, Bicheng and Sayed, Ali H},
  journal   = {The Journal of Machine Learning Research},
  title     = {On the influence of momentum acceleration on online learning},
  year      = {2016},
  number    = {1},
  pages     = {6602--6667},
  volume    = {17},
  publisher = {JMLR. org},
}

@Article{li2018federated,
  author  = {Li, Tian and Sahu, Anit Kumar and Zaheer, Manzil and Sanjabi, Maziar and Talwalkar, Ameet and Smith, Virginia},
  journal = {arXiv preprint arXiv:1812.06127},
  title   = {Federated optimization in heterogeneous networks},
  year    = {2018},
}

@Article{zhou2017convergence,
  author  = {Zhou, Fan and Cong, Guojing},
  journal = {IJCAI},
  title   = {On the convergence properties of a $ K $-step averaging stochastic gradient descent algorithm for nonconvex optimization},
  year    = {2018},
}

@InProceedings{woodworth2018graph,
  author    = {Woodworth, Blake E and Wang, Jialei and Smith, Adam and McMahan, Brendan and Srebro, Nati},
  booktitle = {Advances in neural information processing systems},
  title     = {Graph oracle models, lower bounds, and gaps for parallel stochastic optimization},
  year      = {2018},
  pages     = {8496--8506},
}

@Article{tang2018d,
  author  = {Tang, Hanlin and Lian, Xiangru and Yan, Ming and Zhang, Ce and Liu, Ji},
  journal = {arXiv preprint arXiv:1803.07068},
  title   = {D $\^{} 2$: Decentralized Training over Decentralized Data},
  year    = {2018},
}

@InProceedings{moulines2011non,
  author    = {Moulines, Eric and Bach, Francis R},
  booktitle = {Advances in Neural Information Processing Systems},
  title     = {Non-asymptotic analysis of stochastic approximation algorithms for machine learning},
  year      = {2011},
  pages     = {451--459},
}

@Article{schmidt2013fast,
  author  = {Schmidt, Mark and Roux, Nicolas Le},
  journal = {arXiv preprint arXiv:1308.6370},
  title   = {Fast convergence of stochastic gradient descent under a strong growth condition},
  year    = {2013},
}

@InProceedings{needell2014stochastic,
  author    = {Needell, Deanna and Ward, Rachel and Srebro, Nati},
  booktitle = {Advances in neural information processing systems},
  title     = {Stochastic gradient descent, weighted sampling, and the randomized kaczmarz algorithm},
  year      = {2014},
  pages     = {1017--1025},
}

@Article{strohmer2009randomized,
  author    = {Strohmer, Thomas and Vershynin, Roman},
  journal   = {Journal of Fourier Analysis and Applications},
  title     = {A randomized Kaczmarz algorithm with exponential convergence},
  year      = {2009},
  number    = {2},
  pages     = {262},
  volume    = {15},
  publisher = {Springer},
}

@Article{yuan2016influence,
  author    = {Yuan, Kun and Ying, Bicheng and Sayed, Ali H},
  journal   = {The Journal of Machine Learning Research},
  title     = {On the influence of momentum acceleration on online learning},
  year      = {2016},
  number    = {1},
  pages     = {6602--6667},
  volume    = {17},
  publisher = {JMLR. org},
}

@InProceedings{khaled2020tighter,
  author    = {Khaled, A and Mishchenko, K and Richt{\'a}rik, P},
  booktitle = {The 23rd International Conference on Artificial Intelligence and Statistics (AISTATS 2020)},
  title     = {Tighter theory for local SGD on identical and heterogeneous data},
  year      = {2020},
}

@Article{liang2019variance,
  author  = {Liang, Xianfeng and Shen, Shuheng and Liu, Jingchang and Pan, Zhen and Chen, Enhong and Cheng, Yifei},
  journal = {arXiv preprint arXiv:1912.12844},
  title   = {Variance Reduced Local SGD with Lower Communication Complexity},
  year    = {2019},
}

@Article{koloskova2019decentralized,
  author  = {Koloskova, Anastasia and Stich, Sebastian U and Jaggi, Martin},
  journal = {arXiv preprint arXiv:1902.00340},
  title   = {Decentralized stochastic optimization and gossip algorithms with compressed communication},
  year    = {2019},
}

@Article{koloskova2020unified,
  author  = {Koloskova, Anastasia and Loizou, Nicolas and Boreiri, Sadra and Jaggi, Martin and Stich, Sebastian U},
  journal = {ICML},
  title   = {A Unified Theory of Decentralized SGD with Changing Topology and Local Updates},
  year    = {2020},
}

@Article{allen2018convergence,
  author  = {Allen-Zhu, Zeyuan and Li, Yuanzhi and Song, Zhao},
  journal = {arXiv preprint arXiv:1811.03962},
  title   = {A convergence theory for deep learning via over-parameterization},
  year    = {2018},
}

@Article{zhang2016understanding,
  author  = {Zhang, Chiyuan and Bengio, Samy and Hardt, Moritz and Recht, Benjamin and Vinyals, Oriol},
  journal = {arXiv preprint arXiv:1611.03530},
  title   = {Understanding deep learning requires rethinking generalization},
  year    = {2016},
}

@Article{uddin2019artificial,
  author    = {Uddin, Mohammed and Wang, Yujiang and Woodbury-Smith, Marc},
  journal   = {npj Digital Medicine},
  title     = {Artificial intelligence for precision medicine in neurodevelopmental disorders},
  year      = {2019},
  number    = {1},
  pages     = {1--10},
  volume    = {2},
  publisher = {Nature Publishing Group},
}

@Article{frohlich2018hype,
  author    = {Fr{\"o}hlich, Holger and Balling, Rudi and Beerenwinkel, Niko and Kohlbacher, Oliver and Kumar, Santosh and Lengauer, Thomas and Maathuis, Marloes H and Moreau, Yves and Murphy, Susan A and Przytycka, Teresa M and others},
  journal   = {BMC medicine},
  title     = {From hype to reality: data science enabling personalized medicine},
  year      = {2018},
  number    = {1},
  pages     = {150},
  volume    = {16},
  publisher = {BioMed Central},
}

@Book{rockafellar1970convex,
  author    = {Rockafellar, R Tyrrell},
  publisher = {Princeton university press},
  title     = {Convex analysis},
  year      = {1970},
  number    = {28},
}

@Comment{jabref-meta: databaseType:bibtex;}
